<?xml version="1.0" encoding="UTF-8"?><collection xmlns="http://www.loc.gov/MARC21/slim"><record><leader>00604nam--2200193-u-4500</leader><controlfield tag="001">000053132</controlfield><controlfield tag="002">20161230</controlfield><controlfield tag="005">20161230201051</controlfield><controlfield tag="008">110106s1000------------r-----000-0-eng-d</controlfield><datafield ind1=" " ind2=" " tag="020"><subfield code="a">1563965410</subfield></datafield><datafield ind1=" " ind2=" " tag="040"><subfield code="a">IFIN-HH</subfield></datafield><datafield ind1=" " ind2=" " tag="080"><subfield code="a">539.12:539.1076(063)</subfield></datafield><datafield ind1="1" ind2=" " tag="100"><subfield code="a">Tajima, T</subfield></datafield><datafield ind1="1" ind2="0" tag="245"><subfield code="a">The future of accelerator physics</subfield><subfield code="b">The tamura symposium proceedings, austin, tx november 1994</subfield><subfield code="c">T. TAJIMA (Ed.)</subfield></datafield><datafield ind1=" " ind2=" " tag="260"><subfield code="a">Woodbury, New York</subfield><subfield code="b">American Institute Of Physics</subfield><subfield code="c">1996</subfield></datafield><datafield ind1=" " ind2=" " tag="300"><subfield code="a">459P</subfield></datafield><datafield ind1=" " ind2=" " tag="490"><subfield code="a">Aip Conference Proceedings</subfield><subfield code="v">Vol. 356</subfield></datafield><datafield ind1=" " ind2=" " tag="852"><subfield code="a">81556</subfield><subfield code="c">539.12</subfield></datafield><datafield ind1=" " ind2=" " tag="CAT"><subfield code="a">Sys</subfield><subfield code="c">20110106</subfield><subfield code="h">144405</subfield></datafield></record></collection>